@misc{Grinstein:2002:IVV,
  author = {Georges Grinstein and Daniel Keim and Matthew Ward},
  title = {Information Visualization, Visual Data Mining, and Its Application to Drug Design},
  howpublished = {IEEE Visualization Course \#1 Notes},
  month = {October},
  year = {2002},
	url = {http://vis.computer.org/vis2002/program/tutorials/tutorial_01_abstract.html}
}

@Article{Isenberg:2017:VMC,
  author = {Petra Isenberg and Florian Heimerl and Steffen Koch and Tobias Isenberg and Panpan Xu and Chad Stolper and Michael Sedlmair and Jian Chen and Torsten M{\"o}ller and John Stasko},
	title = {{vispubdata.org: A Metadata Collection about {IEEE} Visualization ({VIS}) Publications}},
	journal = {IEEE Transactions on Visualization and Computer Graphics},
	year = {2017},
	volume = {23},
	OPTnumber = {},
	OPTmonth = {},
	OPTpages = {},
	doi = {https://doi.org/10.1109/TVCG.2016.2615308},
  OPTgooglescholarid = {},
	note = {To appear},
}

@mastersthesis{Kindlmann:1999:SAG,
  author = {Gordon Kindlmann},
  title = {Semi-Automatic Generation of Transfer Functions for Direct Volume Rendering},
  school = {Cornell University},
	address = {USA},
	url = {http://www.graphics.cornell.edu/pubs/1999/Kin99.html},
  year = 1999,
}

@manual{Kitware:2003,
  title = {The Visualization Toolkit User's Guide},
  organization = {Kitware, Inc.},
  year = {2003},
  month = {January},
	url = {http://www.kitware.com/publications/item/view/1269}
}

@phdthesis{Levoy:1989:DSV,
  author = {Marc Levoy},
  title = {Display of Surfaces from Volume Data},
  school = {University of North Carolina at Chapel Hill},
	address = {USA},
	url = {http://www.cs.unc.edu/techreports/89-022.pdf},
  year = {1989},
}

@article{Lorensen:1987:MCA,
 author = {Lorensen, William E. and Cline, Harvey E.},
 title = {Marching Cubes: A High Resolution {3D} Surface Construction Algorithm},
 journal = {SIGGRAPH Computer Graphics},
 volume = {21},
 number = {4},
 month = aug,
 year = {1987},
 pages = {163--169},
 doi = {10.1145/37402.37422},
}

@article{Max:1995:OMF,
 author = {Max, Nelson},
 title = {Optical Models for Direct Volume Rendering},
 journal = {IEEE Transactions on Visualization and Computer Graphics},
 volume = {1},
 number = {2},
 month = jun,
 year = {1995},
 pages = {99--108},
 doi = {10.1109/2945.468400},
} 

@inproceedings{Nielson:1991:TAD,
  author = {Gregory M. Nielson and Bernd Hamann},
  title = {The Asymptotic Decider: Removing the Ambiguity in Marching Cubes},
  year = {1991},
  booktitle = {Proc.\ Visualization},
  pages = {83--91},
  doi={10.1109/VISUAL.1991.175782},
	publisher = {IEEE Computer Society},
	address = {Los Alamitos},
}

@book{Ware:2004:IVP,
  author = {Colin Ware},
  title = {Information Visualization: Perception for Design},
  edition = {2\textsuperscript{nd}},
  year = 2004,
  publisher = {Morgan Kaufmann Publishers Inc.},
  address = {San Francisco},
	doi = {https://doi.org/10.1016/B978-155860819-1/50001-7}
}

@ARTICLE{Wyvill:1986:DSS,
  author = {Wyvill, Geoff and McPheeters, Craig and Wyvill, Brian},
  title = {Data Structure for \emph{soft} Objects},
  journal = {The Visual Computer},
  year = {1986},
  volume = {2},
  pages = {227--234},
  number = {4},
  month = aug,
  doi = {10.1007/BF01900346}
}

@article{schuster1997bidirectional,
  title={Bidirectional recurrent neural networks},
  author={Schuster, Mike and Paliwal, Kuldip K},
  journal={IEEE Transactions on Signal Processing},
  volume={45},
  number={11},
  pages={2673--2681},
  year={1997},
  publisher={IEEE}
}

@article{hochreiter1997long,
  title={Long short-term memory},
  author={Hochreiter, Sepp and Schmidhuber, J{\"u}rgen},
  journal={Neural Computation},
  volume={9},
  number={8},
  pages={1735--1780},
  year={1997},
  publisher={MIT Press}
}

@article{cho2014learning,
  title={Learning phrase representations using RNN encoder-decoder for statistical machine translation},
  author={Cho, Kyunghyun and Van Merri{\"e}nboer, Bart and Gulcehre, Caglar and Bahdanau, Dzmitry and Bougares, Fethi and Schwenk, Holger and Bengio, Yoshua},
  journal={arXiv preprint arXiv:1406.1078},
  year={2014}
}

@inproceedings{sutskever2014sequence,
  title={Sequence to sequence learning with neural networks},
  author={Sutskever, Ilya and Vinyals, Oriol and Le, Quoc V},
  booktitle={Advances in Neural Information Processing Systems},
  pages={3104--3112},
  year={2014}
}

@inproceedings{hermann2015teaching,
  title={Teaching machines to read and comprehend},
  author={Hermann, Karl Moritz and Kocisky, Tomas and Grefenstette, Edward and Espeholt, Lasse and Kay, Will and Suleyman, Mustafa and Blunsom, Phil},
  booktitle={Advances in Neural Information Processing Systems},
  pages={1693--1701},
  year={2015}
}

@inproceedings{xingjian2015convolutional,
  title={Convolutional LSTM network: A machine learning approach for precipitation nowcasting},
  author={Xingjian, SHI and Chen, Zhourong and Wang, Hao and Yeung, Dit-Yan and Wong, Wai-Kin and Woo, Wang-chun},
  booktitle={Advances in Neural Information Processing Systems},
  pages={802--810},
  year={2015}
}

@article{chen2018applications,
  title={Applications of recurrent neural networks in environmental factor forecasting: A review},
  author={Chen, Yingyi and Cheng, Qianqian and Cheng, Yanjun and Yang, Hao and Yu, Huihui},
  journal={Neural Computation},
  volume={30},
  number={11},
  pages={2855--2881},
  year={2018},
  publisher={MIT Press}
}

@article{hochreiter1991untersuchungen,
  title={Untersuchungen zu dynamischen neuronalen Netzen},
  author={Hochreiter, Sepp},
  journal={Diploma, Technische Universit{\"a}t M{\"u}nchen},
  volume={91},
  number={1},
  year={1991}
}

@article{lipton2017doctor,
  title={The Doctor Just Won't Accept That!},
  author={Lipton, Zachary C},
  journal={arXiv preprint arXiv:1711.08037},
  year={2017}
}

@article{greff2017lstm,
  title={LSTM: A search space odyssey},
  author={Greff, Klaus and Srivastava, Rupesh K and Koutn{\'\i}k, Jan and Steunebrink, Bas R and Schmidhuber, J{\"u}rgen},
  journal={IEEE transactions on neural networks and learning systems},
  volume={28},
  number={10},
  pages={2222--2232},
  year={2017},
  publisher={IEEE}
}

@inproceedings{oprea2016neural,
  title={A neural network based model for PM 2.5 air pollutant forecasting},
  author={Oprea, Mihaela and Popescu, Marian and Mihalache, Sanda Florentina},
  booktitle={2016 20th International Conference on System Theory, Control and Computing (ICSTCC)},
  pages={776--781},
  year={2016},
  organization={IEEE}
}
@inproceedings{craven1996extracting,
  title={Extracting tree-structured representations of trained networks},
  author={Craven, Mark and Shavlik, Jude W},
  booktitle={Advances in Neural Information Processing Systems},
  pages={24--30},
  year={1996}
}

@inproceedings{ribeiro2016should,
  title={Why should i trust you?: Explaining the predictions of any classifier},
  author={Ribeiro, Marco Tulio and Singh, Sameer and Guestrin, Carlos},
  booktitle={Proceedings of the 22nd ACM SIGKDD International Conference on Knowledge Discovery and Data Mining},
  pages={1135--1144},
  year={2016},
  organization={ACM}
}

@article{andrews1995survey,
  title={Survey and critique of techniques for extracting rules from trained artificial neural networks},
  author={Andrews, Robert and Diederich, Joachim and Tickle, Alan B},
  journal={Knowledge-based Systems},
  volume={8},
  number={6},
  pages={373--389},
  year={1995},
  publisher={Elsevier}
}

@article{friedman2001greedy,
  title={Greedy function approximation: a gradient boosting machine},
  author={Friedman, Jerome H},
  journal={Annals of Statistics},
  pages={1189--1232},
  year={2001},
  publisher={JSTOR}
}

@inproceedings{lundberg2017unified,
  title={A unified approach to interpreting model predictions},
  author={Lundberg, Scott M and Lee, Su-In},
  booktitle={Advances in Neural Information Processing Systems},
  pages={4765--4774},
  year={2017}
}

@article{karpathy2015visualizing,
  title={Visualizing and understanding recurrent networks},
  author={Karpathy, Andrej and Johnson, Justin and Fei-Fei, Li},
  journal={arXiv preprint arXiv:1506.02078},
  year={2015}
}

@article{strobelt2018lstmvis,
  title={Lstmvis: A tool for visual analysis of hidden state dynamics in recurrent neural networks},
  author={Strobelt, Hendrik and Gehrmann, Sebastian and Pfister, Hanspeter and Rush, Alexander M},
  journal={IEEE Transactions on Visualization and Computer Graphics},
  volume={24},
  number={1},
  pages={667--676},
  year={2018},
  publisher={IEEE}
}

@inproceedings{ming2017understanding,
  title={Understanding hidden memories of recurrent neural networks},
  author={Ming, Yao and Cao, Shaozu and Zhang, Ruixiang and Li, Zhen and Chen, Yuanzhe and Song, Yangqiu and Qu, Huamin},
  booktitle={2017 IEEE Conference on Visual Analytics Science and Technology (VAST)},
  pages={13--24},
  year={2017},
  organization={IEEE}
}

@article{kwon2019retainvis,
  title={RetainVis: Visual Analytics with Interpretable and Interactive Recurrent Neural Networks on Electronic Medical Records},
  author={Kwon, Bum Chul and Choi, Min-Je and Kim, Joanne Taery and Choi, Edward and Kim, Young Bin and Kwon, Soonwook and Sun, Jimeng and Choo, Jaegul},
  journal={IEEE Transactions on Visualization and Computer Graphics},
  volume={25},
  number={1},
  pages={299--309},
  year={2019},
  publisher={IEEE}
}

@article{strobelt2019s,
  title={Seq2seq-Vis: A Visual Debugging Tool for Sequence-to-Sequence Models},
  author={Strobelt, Hendrik and Gehrmann, Sebastian and Behrisch, Michael and Perer, Adam and Pfister, Hanspeter and Rush, Alexander M},
  journal={IEEE Transactions on Visualization and Computer Graphics},
  volume={25},
  number={1},
  pages={353--363},
  year={2019},
  publisher={IEEE}
}

@inproceedings{zhang2016dnn,
  title={DNN-based prediction model for spatio-temporal data},
  author={Zhang, Junbo and Zheng, Yu and Qi, Dekang and Li, Ruiyuan and Yi, Xiuwen},
  booktitle={Proceedings of the 24th ACM SIGSPATIAL International Conference on Advances in Geographic Information Systems},
  pages={92},
  year={2016},
  organization={ACM}
}

@article{ong2016dynamically,
  title={Dynamically pre-trained deep recurrent neural networks using environmental monitoring data for predicting PM 2.5},
  author={Ong, Bun Theang and Sugiura, Komei and Zettsu, Koji},
  journal={Neural Computing and Applications},
  volume={27},
  number={6},
  pages={1553--1566},
  year={2016},
  publisher={Springer}
}

@inproceedings{zhou2017prediction,
  title={Prediction of PM2. 5 concentration based on recurrent fuzzy neural network},
  author={Zhou, Shanshan and Li, Wenjing and Qiao, Junfei},
  booktitle={2017 36th Chinese Control Conference (CCC)},
  pages={3920--3924},
  year={2017},
  organization={IEEE}
}

@misc{reddy2018deep,
  title={Deep Air: Forecasting Air Pollution in Beijing, China},
  author={Reddy, Vikram and Yedavalli, Pavan and Mohanty, Shrestha and Nakhat, Udit},
  year={2018}
}

@inproceedings{zheng2015forecasting,
  title={Forecasting fine-grained air quality based on big data},
  author={Zheng, Yu and Yi, Xiuwen and Li, Ming and Li, Ruiyuan and Shan, Zhangqing and Chang, Eric and Li, Tianrui},
  booktitle={Proceedings of the 21th ACM SIGKDD International Conference on Knowledge Discovery and Data Mining},
  pages={2267--2276},
  year={2015},
  organization={ACM}
}

@inproceedings{sun2015deeply,
  title={Deeply learned face representations are sparse, selective, and robust},
  author={Sun, Yi and Wang, Xiaogang and Tang, Xiaoou},
  booktitle={Proceedings of the IEEE conference on Computer Vision and Pattern Recognition},
  pages={2892--2900},
  year={2015}
}

@article{liu2017towards,
  title={Towards better analysis of deep convolutional neural networks},
  author={Liu, Mengchen and Shi, Jiaxin and Li, Zhen and Li, Chongxuan and Zhu, Jun and Liu, Shixia},
  journal={IEEE Transactions on Visualization and Computer Graphics},
  volume={23},
  number={1},
  pages={91--100},
  year={2017},
  publisher={IEEE}
}

@article{pezzotti2018deepeyes,
  title={Deepeyes: Progressive visual analytics for designing deep neural networks},
  author={Pezzotti, Nicola and H{\"o}llt, Thomas and Van Gemert, Jan and Lelieveldt, Boudewijn PF and Eisemann, Elmar and Vilanova, Anna},
  journal={IEEE Transactions on Visualization and Computer Graphics},
  volume={24},
  number={1},
  pages={98--108},
  year={2018},
  publisher={IEEE}
}
@article{erhan2009visualizing,
  title={Visualizing higher-layer features of a deep network},
  author={Erhan, Dumitru and Bengio, Yoshua and Courville, Aaron and Vincent, Pascal},
  journal={University of Montreal},
  volume={1341},
  number={3},
  pages={1},
  year={2009}
}

@article{li2015visualizing,
  title={Visualizing and understanding neural models in nlp},
  author={Li, Jiwei and Chen, Xinlei and Hovy, Eduard and Jurafsky, Dan},
  journal={arXiv preprint arXiv:1506.01066},
  year={2015}
}

@article{louie2005seasonal,
  title={Seasonal characteristics and regional transport of PM2. 5 in Hong Kong},
  author={Louie, Peter KK and Watson, John G and Chow, Judith C and Chen, Antony and Sin, Della WM and Lau, Alexis KH},
  journal={Atmospheric Environment},
  volume={39},
  number={9},
  pages={1695--1710},
  year={2005},
  publisher={Elsevier}
}

@article{murakami1979winter,
  title={Winter Monsoonal Surges over East and Southeast Asia1},
  author={Murakami, Takio},
  journal={Journal of the Meteorological Society of Japan. Ser. II},
  volume={57},
  number={2},
  pages={133--158},
  year={1979},
  publisher={Meteorological Society of Japan}
}

@article{byun1999science,
  title={Science algorithms of the EPA Models-3 community multiscale air quality (CMAQ) modeling system},
  author={Byun, D},
  journal={EPA/600/R-99/030},
  year={1999}
}


@article{stocker2012adms,
  title={ADMS--Urban: developments in modelling dispersion from the city scale to the local scale},
  author={Stocker, Jenny and Hood, Christina and Carruthers, David and McHugh, Christine},
  journal={International Journal of Environment and Pollution},
  volume={50},
  number={1},
  pages={308},
  year={2012}
}

@inproceedings{xi2015comprehensive,
  title={A comprehensive evaluation of air pollution prediction improvement by a machine learning method},
  author={Xi, Xia and Wei, Zhao and Xiaoguang, Rui and Yijie, Wang and Xinxin, Bai and Wenjun, Yin and Jin, Don},
  booktitle={2015 IEEE International Conference on Service Operations And Logistics, And Informatics (SOLI)},
  pages={176--181},
  year={2015},
  organization={IEEE}
}

@inproceedings{dhillon2001co,
  title={Co-clustering documents and words using bipartite spectral graph partitioning},
  author={Dhillon, Inderjit S},
  booktitle={Proceedings of the seventh ACM SIGKDD International Conference on Knowledge Discovery and Data Mining},
  pages={269--274},
  year={2001},
  organization={ACM}
}

@article{rousseeuw1987silhouettes,
  title={Silhouettes: a graphical aid to the interpretation and validation of cluster analysis},
  author={Rousseeuw, Peter J},
  journal={Journal of Computational and Applied Mathematics},
  volume={20},
  pages={53--65},
  year={1987},
  publisher={Elsevier}
}

@article{cao2003characteristics,
  title={Characteristics of carbonaceous aerosol in Pearl River Delta Region, China during 2001 winter period},
  author={Cao, JJ and Lee, SC and Ho, KF and Zhang, XY and Zou, SC and Fung, Kochy and Chow, Judith C and Watson, John G},
  journal={Atmospheric Environment},
  volume={37},
  number={11},
  pages={1451--1460},
  year={2003},
  publisher={Elsevier}
}

@article{von2015mobilitygraphs,
  title={Mobilitygraphs: Visual analysis of mass mobility dynamics via spatio-temporal graphs and clustering},
  author={Von Landesberger, Tatiana and Brodkorb, Felix and Roskosch, Philipp and Andrienko, Natalia and Andrienko, Gennady and Kerren, Andreas},
  journal={IEEE Transactions on Visualization and Computer Graphics},
  volume={22},
  number={1},
  pages={11--20},
  year={2015},
  publisher={IEEE}
}

@inproceedings{teijeiro2017arrhythmia,
  title={Arrhythmia classification from the abductive interpretation of short single-lead ECG records},
  author={Teijeiro, Tom{\'a}s and Garc{\'\i}a, Constantino A and Castro, Daniel and F{\'e}lix, Paulo},
  booktitle={2017 Computing in Cardiology (CinC)},
  pages={1--4},
  year={2017},
  organization={IEEE}
}

@incollection{gers2002applying,
  title={Applying LSTM to time series predictable through time-window approaches},
  author={Gers, Felix A and Eck, Douglas and Schmidhuber, J{\"u}rgen},
  booktitle={Neural Nets WIRN Vietri-01},
  pages={193--200},
  year={2002},
  publisher={Springer}
}

@book{brownlee2017long,
  title={Long Short-term Memory Networks with Python: Develop Sequence Prediction Models with Deep Learning},
  author={Brownlee, Jason},
  year={2017},
  publisher={Machine Learning Mastery}
}

@article{jurgovsky2018sequence,
  title={Sequence classification for credit-card fraud detection},
  author={Jurgovsky, Johannes and Granitzer, Michael and Ziegler, Konstantin and Calabretto, Sylvie and Portier, Pierre-Edouard and He-Guelton, Liyun and Caelen, Olivier},
  journal={Expert Systems with Applications},
  volume={100},
  pages={234--245},
  year={2018},
  publisher={Elsevier}
}

@article{kim2018forecasting,
  title={Forecasting the volatility of stock price index: A hybrid model integrating LSTM with multiple GARCH-type models},
  author={Kim, Ha Young and Won, Chang Hyun},
  journal={Expert Systems with Applications},
  volume={103},
  pages={25--37},
  year={2018},
  publisher={Elsevier}
}

@inproceedings{nelson2017stock,
  title={Stock market's price movement prediction with LSTM neural networks},
  author={Nelson, David MQ and Pereira, Adriano CM and de Oliveira, Renato A},
  booktitle={2017 International Joint Conference on Neural Networks (IJCNN)},
  pages={1419--1426},
  year={2017},
  organization={IEEE}
}

@inproceedings{akita2016deep,
  title={Deep learning for stock prediction using numerical and textual information},
  author={Akita, Ryo and Yoshihara, Akira and Matsubara, Takashi and Uehara, Kuniaki},
  booktitle={2016 IEEE/ACIS 15th International Conference on Computer and Information Science (ICIS)},
  pages={1--6},
  year={2016},
  organization={IEEE}
}

@article{li2017long,
  title={Long short-term memory neural network for air pollutant concentration predictions: Method development and evaluation},
  author={Li, Xiang and Peng, Ling and Yao, Xiaojing and Cui, Shaolong and Hu, Yuan and You, Chengzeng and Chi, Tianhe},
  journal={Environmental pollution},
  volume={231},
  pages={997--1004},
  year={2017},
  publisher={Elsevier}
}

@article{cao2012forecasting,
  title={Forecasting wind speed with recurrent neural networks},
  author={Cao, Qing and Ewing, Bradley T and Thompson, Mark A},
  journal={European Journal of Operational Research},
  volume={221},
  number={1},
  pages={148--154},
  year={2012},
  publisher={Elsevier}
}

@article{shi2017deep,
  title={Deep learning for household load forecasting—A novel pooling deep RNN},
  author={Shi, Heng and Xu, Minghao and Li, Ran},
  journal={IEEE Transactions on Smart Grid},
  volume={9},
  number={5},
  pages={5271--5280},
  year={2017},
  publisher={IEEE}
}

@article{van2017visual,
  title={Visual analysis of mass cytometry data by hierarchical stochastic neighbour embedding reveals rare cell types},
  author={van Unen, Vincent and H{\"o}llt, Thomas and Pezzotti, Nicola and Li, Na and Reinders, Marcel JT and Eisemann, Elmar and Koning, Frits and Vilanova, Anna and Lelieveldt, Boudewijn PF},
  journal={Nature Communications},
  volume={8},
  number={1},
  pages={1740},
  year={2017},
  publisher={Nature Publishing Group}
}

@inproceedings{pezzotti2016hierarchical,
  title={Hierarchical stochastic neighbor embedding},
  author={Pezzotti, Nicola and H{\"o}llt, Thomas and Lelieveldt, B and Eisemann, Elmar and Vilanova, Anna},
  booktitle={Computer Graphics Forum},
  volume={35},
  number={3},
  pages={21--30},
  year={2016},
  organization={Wiley Online Library}
}

@misc{SO2TOPM25,
  title = {Sulfur Dioxide (SO$_2$) Pollution},
  howpublished = {\url{https://www.epa.gov/so2-pollution/sulfur-dioxide-basics#effects}},
  note = {Accessed: 2019-09-07}
}


